<?xml version="1.0" encoding="UTF-8"?><collection xmlns="http://www.loc.gov/MARC21/slim"><record><leader>00617nam--2200169-i-4500</leader><controlfield tag="001">000011749</controlfield><controlfield tag="002">20161230</controlfield><controlfield tag="005">20161230201029</controlfield><controlfield tag="008">060222s1000------------r-----000-0-eng-d</controlfield><datafield ind1=" " ind2=" " tag="040"><subfield code="a">IFIN-HH</subfield></datafield><datafield ind1=" " ind2=" " tag="080"><subfield code="a">531.19(061.3)</subfield></datafield><datafield ind1="1" ind2=" " tag="100"><subfield code="a">Cohen, E.G.D</subfield></datafield><datafield ind1="1" ind2="0" tag="245"><subfield code="a">Fundamental problems in statistical mechanics iii</subfield><subfield code="b">Proceedings of the international summer school on fundamental problems in statistical mechanics iii, wageningen, the netherlands, july 29-august 15, 1974</subfield><subfield code="c">E.G.D. Cohen (Ed.)</subfield></datafield><datafield ind1=" " ind2=" " tag="260"><subfield code="a">Amsterdam, North-holland Publ.Co.,1974</subfield></datafield><datafield ind1=" " ind2=" " tag="300"><subfield code="a">XI+414P</subfield></datafield><datafield ind1=" " ind2=" " tag="852"><subfield code="a">43318</subfield><subfield code="c">531</subfield></datafield><datafield ind1=" " ind2=" " tag="CAT"><subfield code="a">Sys</subfield><subfield code="c">20100628</subfield><subfield code="h">114138</subfield></datafield></record></collection>